<record><leader>00000cas a2200000 a 4500</leader><controlfield tag="001">25198886</controlfield><controlfield tag="008">920131c19uu9999caudr ne      0    0eng c</controlfield><datafield ind1=" " ind2=" " tag="010"><subfield code="a">sn 95062182 </subfield></datafield><datafield ind1=" " ind2=" " tag="040"><subfield code="a">IBM</subfield><subfield code="b">eng</subfield><subfield code="c">IBM</subfield><subfield code="d">IXA</subfield><subfield code="d">CNK</subfield><subfield code="d">DLC</subfield><subfield code="d">OCL</subfield><subfield code="d">CNK</subfield><subfield code="d">CGU</subfield><subfield code="d">ZAS</subfield><subfield code="d">OCLCQ</subfield><subfield code="d">DLC</subfield><subfield code="d">OCLCQ</subfield><subfield code="d">OCLCF</subfield><subfield code="d">OCLCO</subfield></datafield><datafield ind1=" " ind2=" " tag="022"><subfield code="a">0279-8026</subfield><subfield code="l">0279-8026</subfield></datafield><datafield ind1="1" ind2=" " tag="029"><subfield code="a">AU@</subfield><subfield code="b">000012147666</subfield></datafield><datafield ind1=" " ind2=" " tag="042"><subfield code="a">pcc</subfield></datafield><datafield ind1=" " ind2=" " tag="043"><subfield code="a">n-us-ca</subfield></datafield><datafield ind1="0" ind2="0" tag="050"><subfield code="a">Newspaper</subfield></datafield><datafield ind1="1" ind2="4" tag="050"><subfield code="a">AN2</subfield><subfield code="b">.D34</subfield></datafield><datafield ind1="0" ind2=" " tag="130"><subfield code="a">Daily news (Woodland Hills, Los Angeles, Calif.)</subfield></datafield><datafield ind1="1" ind2="0" tag="245"><subfield code="a">Daily news.</subfield></datafield><datafield ind1="1" ind2="3" tag="246"><subfield code="a">Daily news of Los Angeles</subfield><subfield code="f">&lt;Oct. 31, 1999&gt;</subfield></datafield><datafield ind1=" " ind2=" " tag="260"><subfield code="a">Woodland Hills, CA :</subfield><subfield code="b">Cooke Media Group</subfield></datafield><datafield ind1=" " ind2=" " tag="300"><subfield code="a">v.</subfield></datafield><datafield ind1=" " ind2=" " tag="310"><subfield code="a">Daily</subfield></datafield><datafield ind1=" " ind2=" " tag="500"><subfield code="a">"Serving San Fernando Valley, Conejo Valley, Simi Valley, Moorpark, Antelope Valley, Santa Clarita, Glendale, Burbank," &lt;Oct. 31, 1999&gt;</subfield></datafield><datafield ind1=" " ind2=" " tag="500"><subfield code="a">Some issues have section called: L.A. life.</subfield></datafield><datafield ind1=" " ind2=" " tag="500"><subfield code="a">Publishers: D.J. Auger, &lt;1993&gt;; Los Angeles Newspaper Group, &lt;1999&gt;</subfield></datafield><datafield ind1=" " ind2=" " tag="530"><subfield code="a">Available on microfilm from Data Microfilming Corp.; also available on the internet.</subfield></datafield><datafield ind1=" " ind2=" " tag="580"><subfield code="a">Has supplement: Vecinos del valle, &lt;Apr. 11, 1990-&gt;</subfield></datafield><datafield ind1=" " ind2=" " tag="588"><subfield code="a">Description based on: Jan. 1, 1992.</subfield></datafield><datafield ind1=" " ind2=" " tag="588"><subfield code="a">Latest issue consulted: Vol. 88, no. 304 (Oct. 31, 1999).</subfield></datafield><datafield ind1=" " ind2="0" tag="651"><subfield code="a">Los Angeles County (Calif.)</subfield><subfield code="v">Newspapers.</subfield></datafield><datafield ind1=" " ind2="0" tag="651"><subfield code="a">San Fernando Valley (Calif.)</subfield><subfield code="v">Newspapers.</subfield></datafield><datafield ind1=" " ind2="0" tag="651"><subfield code="a">Los Angeles (Calif.)</subfield><subfield code="v">Newspapers.</subfield></datafield><datafield ind1=" " ind2="7" tag="655"><subfield code="a">Newspapers.</subfield><subfield code="2">fast</subfield><subfield code="0">(OCoLC)fst01423814</subfield></datafield><datafield ind1=" " ind2="7" tag="651"><subfield code="a">California</subfield><subfield code="z">Los Angeles.</subfield><subfield code="2">fast</subfield><subfield code="0">(OCoLC)fst01204540</subfield></datafield><datafield ind1=" " ind2="7" tag="651"><subfield code="a">California</subfield><subfield code="z">Los Angeles County.</subfield><subfield code="2">fast</subfield><subfield code="0">(OCoLC)fst01205194</subfield></datafield><datafield ind1=" " ind2="7" tag="651"><subfield code="a">California</subfield><subfield code="z">San Fernando Valley.</subfield><subfield code="2">fast</subfield><subfield code="0">(OCoLC)fst01242395</subfield></datafield><datafield ind1="0" ind2="2" tag="740"><subfield code="a">L.A. life.</subfield></datafield><datafield ind1=" " ind2=" " tag="752"><subfield code="a">United States</subfield><subfield code="b">California</subfield><subfield code="c">Los Angeles</subfield><subfield code="d">Los Angeles.</subfield></datafield><datafield ind1="1" ind2=" " tag="770"><subfield code="t">Vecinos del valle</subfield><subfield code="w">(DLC)sn 94052399</subfield><subfield code="w">(OCoLC)31036519</subfield></datafield><datafield ind1="0" ind2=" " tag="775"><subfield code="t">Daily news (Woodland Hills, Los Angeles, Calif. : Antelope Valley ed.)</subfield><subfield code="w">(DLC)sn2001060207</subfield></datafield><datafield ind1="0" ind2=" " tag="775"><subfield code="t">Daily news (Woodland Hills, Los Angeles, Calif. : Santa Clarita Valley ed.)</subfield><subfield code="w">(DLC)sn2003061274</subfield></datafield><datafield ind1="0" ind2="8" tag="776"><subfield code="i">Online version:</subfield><subfield code="t">Daily news (Woodland Hills, Los Angeles, Calif. : Online)</subfield><subfield code="w">(DLC)  2008262233</subfield><subfield code="w">(OCoLC)206782383</subfield></datafield><datafield ind1="4" ind2="1" tag="856"><subfield code="u">http://bibpurl.oclc.org/web/22409</subfield><subfield code="u">http://www.dailynews.com/</subfield></datafield><datafield ind1="4" ind2="1" tag="856"><subfield code="z">Online version:</subfield><subfield code="u">http://www.dailynews.com/</subfield></datafield></record>